---
@article{beast2,
    author = {Bouckaert, Remco and Heled, Joseph and KÃ¼hnert, Denise and Vaughan, Tim and Wu, Chieh-Hsi and Xie, Dong and Suchard, Marc A. and Rambaut, Andrew and Drummond, Alexei J.},
    journal = {PLOS Computational Biology},
    publisher = {Public Library of Science},
    title = {BEAST 2: A Software Platform for Bayesian Evolutionary Analysis},
    year = {2014},
    month = {04},
    volume = {10},
    url = {https://doi.org/10.1371/journal.pcbi.1003537},
    pages = {1-6},
    number = {4},
    doi = {10.1371/journal.pcbi.1003537}
}
@Article{fbd,
  Title                    = {{The fossilized birth-death process for coherent calibration of divergence-time estimates}},
  Author                   = {Heath, Tracy A and Huelsenbeck, John P and Stadler, Tanja},
  Journal                  = PNAS,
  Year                     = {2014},
  Number                   = {29},
  Pages                    = {E2957--E2966},
  Volume                   = {111},

  Publisher                = {National Acad Sciences},
  Timestamp                = {2015.05.31}
   }
@Article{catmodel,
  Title                    = {PhyloBayes 3: a Bayesian software package for phylogenetic reconstruction and molecular dating},
  Author                   = {Lartillot, N. and Lepage, T. and Blanquart, S.},
  Journal                  = BI,
  Year                     = {2009},
  Number                   = {17},
  Pages                    = {2286},
  Volume                   = {25},
  Publisher                = {Oxford Univ Press},
  Timestamp                = {2011.07.11}
}

@Article{ape,
  Title                    = {APE: analyses of phylogenetics and evolution in R language},
  Author                   = {Paradis, E. and Claude, J. and Strimmer, K.},
  Journal                  = BI,
  Year                     = {2004},
  Number                   = {2},
  Pages                    = {289--290},
  Volume                   = {20},
  Publisher                = {Oxford Univ Press},
  Timestamp                = {2012.09.26}
}
@article{raxml8,
author = {Stamatakis, Alexandros},
title = {RAxML version 8: a tool for phylogenetic analysis and post-analysis of large phylogenies},
journal = {Bioinformatics},
volume = {30},
number = {9},
pages = {1312-1313},
year = {2014},
doi = {10.1093/bioinformatics/btu033},
URL = {http://dx.doi.org/10.1093/bioinformatics/btu033},
eprint = {/oup/backfile/content_public/journal/bioinformatics/30/9/10.1093_bioinformatics_btu033/3/btu033.pdf}
}    
@article{phytools,
author = {Revell, Liam J.},
title = {phytools: an R package for phylogenetic comparative biology (and other things)},
journal = {Methods in Ecology and Evolution},
Year   = {2012},
volume = {3},
number = {2},
pages = {217-223},
keywords = {blogging, computational biology, evolution, phylogeny, statistics},
doi = {10.1111/j.2041-210X.2011.00169.x},
url = {https://besjournals.onlinelibrary.wiley.com/doi/abs/10.1111/j.2041-210X.2011.00169.x},
}    
@Article{wright2016,
  Title                    = {Modeling Character Change Heterogeneity in Phylogenetic Analyses of Morphology through the Use of Priors},
  Author                   = {Wright, April M. and Lloyd, Graeme T. and Hillis, David M.},
  Journal                  = SYSBIO,
  Year                     = {2016},
  Number                   = {4},
  Pages                    = {602-611},
  Volume                   = {65}
}   
---


